<record><leader>00000cas a2200000 a 4500</leader><controlfield tag="001">2935876</controlfield><controlfield tag="008">770503d18811902ohucr ne      0    0eng d</controlfield><controlfield tag="009">3</controlfield><datafield ind1=" " ind2=" " tag="010"><subfield code="a">sn 87076862 </subfield></datafield><datafield ind1=" " ind2=" " tag="040"><subfield code="a">KSU</subfield><subfield code="b">eng</subfield><subfield code="c">KSU</subfield><subfield code="d">ONP</subfield><subfield code="d">OCL</subfield></datafield><datafield ind1=" " ind2=" " tag="042"><subfield code="a">msc</subfield></datafield><datafield ind1="0" ind2="4" tag="245"><subfield code="a">The Wyandot Union.</subfield></datafield><datafield ind1=" " ind2=" " tag="260"><subfield code="a">Upper Sandusky, Ohio,</subfield><subfield code="b">Dumm &amp; Brunner,</subfield><subfield code="c">1881-</subfield></datafield><datafield ind1=" " ind2=" " tag="300"><subfield code="a">v.</subfield><subfield code="b">illus.</subfield></datafield><datafield ind1=" " ind2=" " tag="310"><subfield code="a">Semiweekly,</subfield><subfield code="b">May 4, 1886-&lt;1902&gt;</subfield></datafield><datafield ind1=" " ind2=" " tag="321"><subfield code="a">Weekly,</subfield><subfield code="b">June 23, 1881-Apr. 29, 1886</subfield></datafield><datafield ind1="0" ind2=" " tag="362"><subfield code="a">Vol. 24, no. 36 (June 23, 1881)-</subfield></datafield><datafield ind1="1" ind2=" " tag="362"><subfield code="a">Ceased in 1902?</subfield></datafield><datafield ind1=" " ind2=" " tag="752"><subfield code="a">United States</subfield><subfield code="b">Ohio</subfield><subfield code="c">Wyandot</subfield><subfield code="d">Upper Sandusky.</subfield></datafield><datafield ind1="0" ind2="0" tag="780"><subfield code="t">Wyandot Democratic union (Upper Sandusky, Ohio : 1866)</subfield><subfield code="w">(DLC)sn 86079061</subfield></datafield><datafield ind1="0" ind2="4" tag="785"><subfield code="t">Daily union (Upper Sandusky, Ohio : 1890)</subfield></datafield></record>